@article{cranmer2015approximating,
  title={Approximating Likelihood Ratios with Calibrated Discriminative Classifiers},
  author={Cranmer, Kyle and Pavez, Juan and Louppe, Gilles},
  journal={arXiv preprint arXiv:1506.02169},
  year={2015}
}

@article{Baldi:2016fzo,
      author         = "Baldi, Pierre and Cranmer, Kyle and Faucett, Taylor and
                        Sadowski, Peter and Whiteson, Daniel",
      title          = "{Parameterized Machine Learning for High-Energy Physics}",
      year           = "2016",
      eprint         = "1601.07913",
      archivePrefix  = "arXiv",
      primaryClass   = "hep-ex",
      journal = {arXiv preprint arXiv:1601.07913},
      SLACcitation   = "%%CITATION = ARXIV:1601.07913;%%"
}

@misc{carl,
  author       = {Gilles Louppe and
                  Kyle Cranmer and Juan Pavez},
  title        = {carl: a likelihood-free inference toolbox},
  month        = mar,
  year         = 2016,
  doi          = {10.5281/zenodo.47798},
  howpublished          = {\url{http://dx.doi.org/10.5281/zenodo.47798}, {\url{https://github.com/diana-hep/carl}}},
}
